2060 3036
14 1294 32 1675 i

266 604 691 675 PRAEFATIO.

390 794 570 817 &ze-*2
638 796 643 803 '

150 986 267 1076 Quibus
275 1021 365 1081 nuper
374 1003 457 1061 modo
466 1021 567 1062 reeens
577 1003 703 1080 expressi
708 1003 876 1079 prodierunt

14 1080 21 1201 i
80 1105 205 1180 primum
220 1101 360 1187 (lemnus,
375 1100 518 1176 Tibullus,
532 1102 708 1180 Propertius,
727 1123 761 1160 oe
774 1101 876 1185 deinde

84 1201 235 1260 Cornelius
245 1201 350 1280 Nepos,
360 1204 463 1261 iisdem
475 1206 551 1282 typis
565 1192 622 1259 iarn
633 1213 661 1259 et
669 1202 814 1261 Phaedrus
824 1212 875 1258 ex-'
898 1246 905 1267 ,

83 1300 204 1360 ornetus'
214 1305 353 1381 sequitur,
364 1324 447 1385 quem
456 1314 522 1361 ente
533 1303 586 1361 hos
600 1303 724 1361 sedecim
736 1321 825 1359 annos
839 1318 876 1356 ex
901 1300 908 1309 ''

80 1404 200 1480 vulgate
213 1406 380 1462 recensione
394 1406 570 1482 exscriptum
582 1402 756 1460 dederemus.
797 1400 875 1456 Inte-

80 1504 139 1559 rim
157 1505 291 1579 quoniem
313 1522 350 1559 ex
366 1500 532 1561 Didotionis
555 1502 762 1580 exemplaribus
783 1501 875 1577 mogis

82 1620 170 1676 quem
188 1601 309 1658 antehae
327 1603 511 1661 insumemus
528 1603 636 1663 eodieis
654 1601 742 1678 nupti,
763 1619 801 1656 ex
819 1618 875 1676 quo

14 1710 20 1733 ¹
81 1696 196 1755 fabulae
216 1697 377 1771 fluxerunt,
398 1704 551 1772 lectiones,
575 1720 633 1756 non
654 1704 797 1774 potuimus
818 1718 876 1758 non

23 1812 28 1823 ·
83 1798 206 1873 optimos
215 1815 341 1873 quosque
350 1797 440 1876 exphis
449 1800 479 1854 in
487 1806 615 1853 nostrum
623 1816 684 1853 rem
699 1809 876 1872 convertere,

72 1907 113 1954 et
125 1898 221 1973 itaque
228 1895 389 1955 Phaedrum
403 1897 502 1955 dumus
514 1895 590 1954 houd
603 1915 671 1953 sone
684 1898 783 1973 prucis
793 1900 875 1971 loeis,

83 2015 169 2073 quem
183 1996 314 2068 antehae,
328 1999 565 2069 emendatiorem,
578 1999 619 2054 ito
633 2007 739 2070 tamen,
752 2007 785 2054 ut
798 2001 876 2055 omni
889 2004 892 2010 '

14 2112 16 2177 ᾖ
85 2115 150 2152 eum
163 2100 295 2153 contione
309 2098 529 2155 abstinuerimus
538 2117 555 2154 a
563 2100 723 2157 temerariis
732 2099 875 2154 recentio-

14 2188 19 2225 ·⁸
74 2215 147 2254 ‘rum
161 2196 302 2253 editorum
316 2200 500 2273 corruptelis,
516 2197 618 2274 quibus
636 2216 694 2253 non
711 2200 803 2254 solum
815 2199 875 2253 sin-

14 2314 15 2319 *
83 2298 217 2373 guiorum
235 2298 362 2353 locorum
381 2315 481 2354 sensus
495 2316 579 2371 saepe
595 2299 717 2353 multum
730 2296 776 2353 est'
786 2298 875 2353 inter-

81 2399 207 2473 polatus,
217 2396 267 2452 sed
279 2399 365 2452 etium
377 2398 508 2474 integrae
521 2395 591 2453 odeo
605 2397 718 2453 fabulae
732 2414 876 2452 commen-

14 2530 25 2591 ᾗ
82 2498 166 2553 titiee
178 2498 209 2552 in
222 2494 345 2553 Phaedri
358 2504 470 2552 textum
483 2497 642 2569 immissoe;
655 2497 705 2553 obs
719 2514 774 2572 que
785 2504 876 2551 teme-

14 2596 16 2603 '
82 2598 170 2653 ritate
188 2597 218 2651 in
236 2605 334 2653 nostru
352 2595 478 2653 editione
493 2605 578 2670 poeto
593 2592 679 2670 plune'
694 2603 773 2651 tutus
790 2602 876 2670 etque

14 2744 16 2781 ;
82 2698 217 2756 immunis
239 2704 282 2752 est
303 2705 441 2755 servatus.
483 2693 620 2753 Ordinem
641 2696 802 2776 sedulorum
827 2690 876 2746 hie
