2060 3036
133 164 206 231 ³56,
306 162 477 218 PHAEDRl
503 160 744 219 FABULARUM

190 270 319 328 Eoctdrus
330 270 406 325 ludos
415 271 526 342 quidem
536 270 610 325 divos
620 270 723 326 nobiles
734 285 735 288 ’

98 362 110 404 5
153 345 284 415 proposito
293 353 400 400 cunctos
411 346 533 399 invitavit
544 345 668 416 praemio,

152 436 234 490 quam
244 423 360 492 quisque
369 428 463 491 posset,
478 424 507 474 ut
517 421 658 475 novitatem
667 421 820 476 ostenderet

151 493 251 549 Venere
260 496 372 549 artilloes
383 494 469 550 luridis
479 494 511 549 ed
522 496 676 550 oerttminn:

151 586 219 640 quos
229 572 296 623 inter
306 588 405 634 scurra,
417 573 495 624 notus
504 571 606 625 urbano
616 571 677 633 sule,

150 643 615 718 habe'redixitstgeuusspeottculi,

96 728 122 771 to
151 718 224 789 quod
236 721 263 774 in
274 720 373 775 theatro
382 725 530 793 nrimqunm
540 721 670 792 prolatum
680 720 753 774 leret.

150 793 291 864 Dispersus
300 810 391 850 rumor
400 798 532 851 eivitatem
541 797 662 850 odnoitot.

150 868 241 923 Paullo
251 874 310 925 inte
319 888 402 927 vaona
413 873 516 926 turbem
525 870 651 925 desroirint
660 869 725 923 loon.

149 943 179 997 ln
189 947 266 1000 scint
277 962 338 1000 vero
349 951 486 1018 postquam
497 945 570 1003 solus
581 944 703 1009 odnstitit

149 1017 207 1073 sine
216 1025 351 1091 oppnretu‚
364 1021 445 1076 millis
455 1020 629 1085 ediutdribus,

95 1103 121 1145 15
150 1093 286 1148 silentium
297 1097 354 1167 ipsa
364 1095 423 1150 lecit
433 1096 600 1167 exspectitio.

148 1167 196 1222 llle
206 1172 233 1223 in
244 1170 333 1224 sinum
346 1174 450 1242 repente
460 1170 561 1224 dimisit
571 1176 658 1241 caput,

149 1251 174 1298 et
183 1246 223 1298 sio
232 1245 338 1315 porcelli
349 1250 438 1301 vocem
448 1254 487 1300 est
496 1246 613 1300 imitatus
622 1262 679 1308 sua,

149 1336 242 1373 verum
253 1323 283 1374 rit
292 1321 400 1374 subesse
408 1320 488 1392 pullio
500 1320 691 1383 contenderent,

149 1394 409 1449 etexoutiiubtrent.
449 1393 685 1461 Quolacto‚simul
740 1450 744 1461 ,

94 1477 120 1520 tt
150 1467 217 1522 nihil
228 1471 267 1523 est
277 1477 416 1540 repertum,
430 1470 521 1525 miritis
531 1478 639 1527 onerant
650 1467 781 1531 laudibus,

148 1542 337 1616 hominemque
346 1545 442 1616 plausu
452 1549 648 1617 prosequuntur
658 1543 783 1598 minimo.

148 1619 202 1674 lloo
212 1618 278 1674 vidit
288 1620 343 1674 fieri
354 1621 478 1676 rusticus.
517 1622 575 1676 Non
586 1637 629 1674 me
639 1617 747 1677 Hercule

149 1698 295 1758 morinum,
309 1695 410 1768 inquit:
430 1699 455 1751 et
465 1696 552 1753 statim
563 1694 696 1767 protessus
707 1700 753 1757 est,

148 1769 219 1823 idem
228 1768 358 1832 iacturum
369 1771 466 1828 melius
475 1789 503 1827 se
513 1770 647 1843 postridie.

93 1854 119 1896 25
148 1844 191 1898 Fit
201 1845 275 1900 turba
286 1848 379 1902 maior.
418 1848 472 1903 Irim
484 1846 556 1902 lavor
566 1846 666 1900 mentes
676 1850 752 1907 tenet,

148 1929 173 1972 et
181 1918 303 1984 derisuri,
314 1925 367 1979 non
377 1924 526 1993 spectaturi,
538 1921 638 1975 sedent.

148 1993 263 2065 Uterque
272 1995 367 2065 prodit.
406 1996 499 2049 Sorirrn
511 1994 653 2069 degrunnit
663 1992 742 2063 prior,

103 2108 105 2113 .
148 2073 288 2140 movetque
297 2069 416 2140 plausus,
429 2072 453 2124 et
463 2064 589 2123 clamores
599 2069 714 2123 suscitat.

148 2143 223 2196 Tuno
232 2144 363 2198 simulans
373 2162 430 2205 sese
438 2143 601 2199 vestimentis
611 2142 724 2196 misticus

94 2227 119 2267 ut
148 2217 293 2287 porcellum
303 2219 431 2290 obtegere,
443 2217 529 2290 (quod
538 2215 759 2278 iaciebatscilicet,

58 2290 62 2294 ’
148 2292 202 2355 sed,
216 2295 243 2345 ln
255 2293 340 2362 priore
349 2298 412 2365 qula
423 2293 460 2348 nil
470 2298 656 2363 compererint,
669 2291 763 2363 latens)
797 2325 800 2331 ·

147 2366 267 2437 pervellit
276 2384 367 2423 aurem
377 2372 448 2434 vtro,
459 2384 540 2439 quern
549 2366 684 2429 oeltverat

148 2445 243 2494 etcum
254 2442 342 2497 dolore
351 2446 441 2498 vooem
452 2451 559 2497 naturae
568 2440 702 2512 exprimit.

147 2514 279 2570 Acoltmat
288 2518 412 2589 populus,
424 2521 542 2573 scurram
551 2516 636 2570 multo
646 2511 762 2567 similius

94 2598 118 2637 :tt
150 2588 290 2654 imitttum,
302 2600 326 2645 et
335 2593 413 2666 cogit,
425 2593 553 2649 rusticum
566 2589 636 2644 trudi
646 2585 724 2641 iores.

148 2662 234 2721 Atille
243 2664 339 2735 profert
348 2669 437 2737 tpsum
446 2665 589 2738 poroellum
599 2666 613 2716 t
623 2662 694 2727 sinu,
