2060 3036
516 2 775 89 maaua-
805 10 926 114 *μ’
962 18 965 26 ·

344 154 518 208 LIBER
565 155 615 210 IV.
819 162 851 212 39

103 239 151 333 qui
162 263 240 332 saepe
250 261 357 334 laqueos
366 264 391 315 et
401 261 550 334 muscipula
560 261 697 335 effdgerat:

103 336 249 407 procrilque
258 336 368 390 insidias
377 338 486 391 cernens
495 336 577 390 hostis
587 337 683 401 caltidi,

103 410 147 463 Sic
159 410 253 475 valeas,
268 410 366 484 inquit,
379 415 407 466 nt
416 408 500 465 farina
509 429 547 476 es,
559 415 627 483 quae
638 413 715 469 iaces.

284 600 329 645 HL
354 599 491 645 VULPIS
515 600 563 643 ΕΤ
588 601 668 647 UVA.
771 564 774 571 =

139 699 165 760 F
165 710 223 762 ame
232 716 318 763 ooaota
328 706 417 780 vdlpis
428 706 478 762 alta
489 708 517 761 in
530 709 606 763 vfnea

103 800 184 836 uvam
194 782 338 854 adpetebat,
344 783 465 853 xsrimmis
474 781 572 836 saliens
581 782 694 837 viribus.

101 856 187 922 Quam
198 862 302 931 tangere
313 868 343 911 ut
354 856 406 912 non
416 857 508 930 potuit,
521 855 659 911 discedens
669 859 716 911 ait:

100 931 227 985 Nondrim
239 940 402 1001 maturaest;
422 931 482 986 ndio
492 930 612 985 acerbam
622 936 735 986 sumere.
756 968 773 999 0

139 1005 201 1071 Qui,
214 1004 296 1061 faeere
304 1025 373 1080 quae
382 1025 434 1061 non
444 1009 564 1079 possunt,
577 1006 665 1060 verbis
675 1006 786 1072 elevant,
891 1021 902 1060 5

100 1079 249 1135 adscribere
258 1081 308 1136 hoo
316 1082 449 1137 debdbunt
458 1078 610 1152 exemph'rm
621 1082 683 1135 sibi.

277 1270 321 1323 av.
346 1270 467 1320 nouus
493 1270 541 1313 or
567 1234 676 1321 aron„
765 1296 768 1305 .

136 1370 236 1450 Equirs
245 1377 336 1433 sedare
344 1376 436 1433 sdiitns
446 1394 500 1450 quo
509 1376 593 1432 fuerat
601 1377 683 1444 sitim,

99 1452 165 1507 dum
174 1456 230 1507 sese
240 1468 302 1525 aper
311 1452 419 1518 volmar,
430 1453 547 1507 turbavit
556 1452 666 1508 vadum.
759 1508 761 1515 ,

99 1528 167 1582 Hinc
175 1531 230 1583 drta
241 1526 274 1581 lis
284 1538 332 1583 est.
371 1528 490 1601 Sonipes,
503 1528 585 1581 iratris
596 1526 658 1593 sero,

98 1603 230 1658 auxilium
240 1599 453 1675 petiithdminis;
475 1619 555 1674 quem
565 1602 642 1656 dorsd
653 1604 751 1668 levans,

97 1677 176 1733 rediit
185 1678 218 1732 ad
228 1679 338 1732 hostem.
377 1676 694 1748 Iactishunotelr'sequos
888 1688 902 1731 t>

97 1761 238 1825 postquam
248 1750 382 1815 interiecit,
395 1755 434 1804 sic
444 1750 546 1805 locutus
555 1751 680 1806 traditur:

97 1829 198 1892 Laetor,
209 1826 301 1882 tulisse
310 1826 441 1882 auxilium
452 1838 494 1879 me
503 1826 626 1896 preoihds
640 1827 704 1894 tuis;

97 1906 160 1957 'nam
171 1902 294 1974 praedam
304 1901 369 1974 cepi,
381 1910 406 1955 et
415 1899 505 1965 didici,
518 1914 599 1972 qnam
610 1902 647 1955 sis
658 1898 739 1958 irtiir's.

96 1977 184 2048 Atque
193 1979 227 2031 ita
238 1978 322 2051 codgit
331 1977 417 2032 frenos
428 1976 541 2030 invitdm
553 1977 617 2048 pati.

96 2053 167 2106 Tum
177 2054 292 2106 moestus
303 2051 359 2107 iiie:
381 2052 479 2105 Parvae
488 2051 631 2106 vindictdm
642 2050 691 2107 rei
873 2060 898 2102 ro

96 2126 163 2181 dum
173 2129 271 2198 quadro
280 2127 396 2190 demens,
409 2125 562 2179 servitutem
573 2128 667 2198 reperi.

135 2203 203 2255 Haeo
212 2202 351 2256 iracundos
362 2199 513 2256 admonebit
522 2200 619 2265 fabula,

98 2277 207 2346 impiare
216 2277 303 2347 potius
313 2272 390 2341 laedi,
402 2291 484 2348 quam
494 2274 554 2328 dedi
564 2274 647 2330 alteri.

377 2464 562 2509 v-poETn

133 2570 201 2633 Plus
211 2580 267 2633 dsse
277 2578 305 2634 ln
316 2597 369 2633 uno
379 2582 464 2652 saepe,
477 2596 559 2651 quam
570 2578 597 2633 in
608 2576 694 2646 turba,
708 2577 782 2645 boni,

95 2655 243 2721 narratione
251 2654 361 2743 posteris
371 2655 472 2711 tradam
482 2653 556 2712 bravi
561 2696 567 2709 .
